@article{Adams1976,
  title = {Melodic contour typology},
  author = {Adams, Charles R.},
  year = {1976},
  month = may,
  volume = {20},
  pages = {179},
  issn = {00141836},
  doi = {10/d7p2xx},
  journal = {Ethnomusicology},
  language = {en},
  number = {2}
}

@article{Ahmed1974,
  title = {Discrete cosine transform},
  author = {Ahmed, N and Natarajan, T and Rao, K R},
  year = {1974},
  pages = {4},
  doi = {10/c4kqx4},
journal = {IEEE Transactions on Computers},
  language = {en}
}

@inproceedings{Antognini2018,
  title = {{{PCA}} of High Dimensional Random Walks with Comparison to Neural Network Training},
  booktitle = {32nd Conference on Neural Information Processing Systems},
  author = {Antognini, Joseph M. and {Sohl-Dickstein}, Jascha},
  year = {2018},
  month = jun,
  address = {{Montr\'eal, Canada}},
  archiveprefix = {arXiv},
  eprint = {1806.08805},
  eprinttype = {arxiv},
  language = {en}
}

%% B

@inproceedings{Bittner2015,
  title = {Melody Extraction by Contour Classification},
  booktitle = {Proceedings of the 16th International Conference on Music Information Retrieval (ISMIR 2015)},
  author = {Bittner, Rachel M and Salamon, Justin and Essid, Slim and Bello, Juan P},
  year = {2015},
  pages = {500--506},
  address = {Malaga, Spain}
}

@inproceedings{Bittner2017,
  title = {Pitch Contours as a Mid-Level Representation for Music Informatics},
  booktitle = {Audio Engineering Society Conference on Semantic Audio},
  author = {Bittner, Rachel M and Salamon, Justin and Bosch, Juan J and Bello, Juan P},
  year = {2017},
  address = {Erlangen, Germany},
}

%% C

@article{Cavalli-Sforza1993,
  title = {Demic Expansions and Human Evolution},
  author = {{Cavalli-Sforza}, Ll and Menozzi, P and Piazza, A},
  year = {1993},
  month = jan,
  volume = {259},
  pages = {639--646},
  issn = {0036-8075, 1095-9203},
  doi = {10/fmj4h5},
journal = {Science},
  language = {en},
  number = {5095}
}

@inproceedings{Cornelissen2020ISMIR,
  title = {Mode Classification and Natural Units in Plainchant},
  booktitle = {Proceedings of the 21st International Conference on Music Information Retrieval ({{ISMIR}} 2020)},
  author = {Cornelissen, Bas and Zuidema, Willem and Burgoyne, John Ashley},
  year = {2020},
  pages = {869–875},
  address = {{Montr\'eal, Canada}},
  language = {en}
}

@inproceedings{Cornelissen2020DLfM,
  title = {Studying Large Plainchant Corpora Using {{Chant21}}},
  booktitle = {7th International Conference on Digital Libraries for Musicology},
  author = {Cornelissen, Bas and Zuidema, Willem and Burgoyne, John Ashley},
  year = {2020},
  month = oct,
  pages = {40--44},
  publisher = {{ACM}},
  address = {{Montr\'eal QC Canada}},
  doi = {10/ghmnrk},
  isbn = {978-1-4503-8760-6},
  language = {en}
}

%% D

@book{Densmore1918,
  title={Teton Sioux Music},
  author={Densmore, Frances},
  lccn={18026735},
  series={Bulletin 61 of the Bureau of American Ethnology, Smithsonian Institution},
  number={61},
  year={1918},
  publisher={Government Printing Office},
  address={Washington, U.S.A.},
  catafolk-googlebooks={https://books.google.nl/books?id=Adw\_AAAAYAAJ},
}

@article{Dowling1978,
  title = {Scale and Contour: {{Two}} Components of a Theory of Memory for Melodies.},
  shorttitle = {Scale and Contour},
  author = {Dowling, W. Jay},
  year = {1978},
  volume = {85},
  pages = {341--354},
  issn = {0033-295X},
  doi = {10/ckm55j},
  journal = {Psychological Review},
  language = {en},
  number = {4}
}

%% E

@book{Erk1893,
  title = {Deutscher Liederhort: Auswahl der vorz{\"u}glicheren deutschen {{Volkslieder}}, nach {{Wort}} und {{Weise}} aus der {{Vorzeit}} und {{Gegenwart}}},
  author = {Erk, Ludwig and B{\"o}hme, Franz Magnus},
  volume = {1},
  lccn = {06011586},
  year = {1893},
  publisher = {Breitkopf und H{\"a}rtel},
  address = {Leipzig},
  catafolk-googlebooks = {https://books.google.de/books?id=0dFDAQAAIAAJ},
  catafolk-url1 = {https://babel.hathitrust.org/cgi/pt?id=uc1.l0063460471},
  catafolk-wikipedia = {https://en.wikipedia.org/wiki/Deutscher_Liederhort}
}

%% F-G

@article{Gray2006,
  title = {Toeplitz and Circulant Matrices: {{A review}}},
  shorttitle = {Toeplitz and {{Circulant Matrices}}},
  author = {Gray, Robert M.},
  year = {2006},
  volume = {2},
  pages = {155--239},
  issn = {1567-2190, 1567-2328},
  doi = {10/bxhj7f},
  journal = {Foundations and Trends in Communications and Information Theory},
  language = {en},
  number = {3}
}

%% J

@book{Jolliffe2002,
  title = {Principal Component Analysis},
  author = {Jolliffe, I.T.},
  year = {2002},
  edition = {Second},
  publisher = {{Springer}},
  series = {Springer {{Series}} in {{Statistics}}}
}

%% H

@article{Huron1996,
  title = {The Melodic Arch in {{Western}} Folksongs},
  author = {Huron, David},
  year = {1996},
  volume = {10},
  pages = {3--23},
  journal = {Computing in musicology},
}

@article{Honing2015,
  title = {Without It No Music: {{Cognition}}, Biology and Evolution of Musicality},
  shorttitle = {Without It No Music},
  author = {Honing, Henkjan and {ten Cate}, Carel and Peretz, Isabelle and Trehub, Sandra E.},
  year = {2015},
  month = mar,
  volume = {370},
  pages = {20140088},
  issn = {0962-8436, 1471-2970},
  doi = {10/gfc4x4},
  journal = {Philosophical Transactions of the Royal Society B: Biological Sciences},
  language = {en},
  number = {1664}
}

%% I–K

@incollection{Kelly2018,
  location = {Cambridge},
  title = {Notation {{I}}},
  volume = {1},
  volumes = {2},
  booktitle = {The Cambridge History of Medieval Music},
  publisher = {Cambridge University Press},
  year = {2018},
  pages = {236--262},
  author = {Kelly, Thomas Forrest},
}

@inproceedings{Kelkar2018,
  title = {Evaluating a Collection of Sound-Tracing Data of Melodic Phrases},
  booktitle = {19th {{International Society}} for {{Music Information Retrieval Conference}}},
  author = {Kelkar, Tejaswinee and Roy, Udit and Jensenius, Alexander Refsum},
  year = {2018},
  pages = {74--81},
  address = {{Paris, France}},
  language = {en}
}

%% L

@inproceedings{Lorch2016,
  title = {Visualizing Deep Network Training Trajectories with {{PCA}}},
  booktitle = {Proceedings of the 33rd {{International Conference}} on {{Machine Learning}}},
  author = {Lorch, Eliana},
  year = {2016},
  pages = {5},
  address = {{New York, U.S.A.}},
  language = {en}
}

%% M

@article{Mampe2009,
  title = {Newborns' Cry Melody Is Shaped by Their Native Language},
  author = {Mampe, Birgit and Friederici, Angela D and Christophe, Anne and Wermke, Kathleen},
  year = {2009},
  volume = {19},
  pages = {1994--1997},
  issn = {0960-9822},
  doi = {10.1016/j.cub.2009.09.064},
  journal = {Current Biology},
  number = {23}
}

@article{Moore2018,
  title = {High Dimensional Random Walks Can Appear Low Dimensional: {{Application}} to Influenza {{H3N2}} Evolution},
  shorttitle = {High Dimensional Random Walks Can Appear Low Dimensional},
  author = {Moore, James and Ahmed, Hasan and Antia, Rustom},
  year = {2018},
  month = jun,
  volume = {447},
  pages = {56--64},
  issn = {00225193},
  doi = {10/gdmbxm},
  journal = {Journal of Theoretical Biology},
  language = {en}
}

@incollection{Mullensiefen2004b,
  title = {Cognitive Adequacy in the Measurement of Melodic Similarity: {{Algorithmic}} vs. Human Judgments},
  booktitle = {Music Query: {{Methods}}, Models, and User Studies},
  author = {M{\"u}llensiefen, Daniel and Frieler, Klaus},
  year = {2004},
  pages = {30},
  publisher = {{MIT Press}},
isbn = {0-262-58256-2},
  language = {en},
  number = {13},
  series = {Computing in {{Musicology}}}
}

@techreport{Mullensiefen2009,
  title = {Fantastic: {{Feature ANalysis Technology Accessing STatistics}} ({{In}} a {{Corpus}}): {{Technical Report}} v1.5},
  author = {Müllensiefen, Daniel},
  year = {2009},
  pages = {37},
  language = {en}
}

@inbook{Mullensiefen2012,
  title = {Polynomial Functions as a Representation of Melodic Phrase Contour},
  booktitle = {Systematic Musicology: {{Empirical}} and Theoretical Studies},
  author = {M{\"u}llensiefen, Daniel and Wiggins, Geraint A.},
  year = {2012},
  month = jan,
  publisher = {{Peter Lang}},
  doi = {10.3726/978-3-653-01290-3},
  collaborator = {Schneider, Albrecht and {von Ruschkowski}, Arne},
  isbn = {978-3-631-63553-7 978-3-653-01290-3},
  series = {Hamburger {{Jahrbuch}} F\"ur {{Musikwissenschaft}}}
}

%% N

@article{Novembre2008,
  title = {Interpreting Principal Component Analyses of Spatial Population Genetic Variation},
  author = {Novembre, John and Stephens, Matthew},
  year = {2008},
  month = may,
  volume = {40},
  pages = {646--649},
  issn = {1061-4036, 1546-1718},
  doi = {10/bmk33z},
  journal = {Nature Genetics},
  language = {en},
  number = {5}
}

@inproceedings{Nuttall2019,
  title = {Contributing to New Musicological Theories with Computational Methods: {{The}} Case of Centonization in {{Arab}}-{{Andalusian}} Music},
  booktitle = {Proceedings of the 20th {{International Conference}} on {{Music Information Retrieval}} ({{ISMIR}} 2019)},
  author = {Nuttall, Thomas and Casado, Miguel Garc{\'i}a and Tarifa, V{\'i}ctor N{\'u}{\~n}ez and Repetto, Rafael Caro and Serra, Xavier},
  year = {2019},
  pages = {223--228},
  address = {{Delft, The Netherlands}},
language = {en}
}

%% O–P

@book{Parsons1975,
    title={Directory of tunes and musical themes},
    year={1975},
    author={Parsons, D.},
    publisher={Spencer Brown},
    place={New York, U.S.A.}
}

@inproceedings{Panteli2017a,
  title = {Towards the Characterization of Singing Styles in World Music},
  booktitle = {2017 {{IEEE International Conference}} on {{Acoustics}}, {{Speech}} and {{Signal Processing}} ({{ICASSP}})},
  author = {Panteli, Maria and Bittner, Rachel and Bello, Juan Pablo and Dixon, Simon},
  year = {2017},
  month = mar,
  pages = {636--640},
  publisher = {{IEEE}},
  address = {{New Orleans, LA}},
  doi = {10/gf85jt},
  isbn = {978-1-5090-4117-6},
  language = {en},
}

%% R

@book{Rao1990,
  title = {Discrete Cosine Transform: Algorithms, Advantages, Applications},
  shorttitle = {Discrete Cosine Transform},
  author = {Rao, K. Ramamohan and Yip, P. C.},
  year = {1990},
  publisher = {{Academic Press}},
  address = {{Boston}},
  isbn = {978-0-12-580203-1},
  lccn = {TK5102.5 .R335 1990}
}

%% S

@inproceedings{Salamon2012,
  title = {Musical Genre Classification Using Melody Features Extracted from Polyphonic Music Signals},
  booktitle = {2012 {{IEEE}} International Conference on Acoustics, Speech and Signal Processing ({{ICASSP}})},
  author = {Salamon, Justin and Rocha, Bruno and Gomez, Emilia},
  year = {2012},
  month = mar,
  pages = {81--84},
  publisher = {{IEEE}},
  address = {Kyoto, Japan},
  doi = {10/gmbqdx},
  isbn = {978-1-4673-0046-9 978-1-4673-0045-2 978-1-4673-0044-5},
}

@inproceedings{Savage2012,
  title = {{{CantoCore}}: {{A}} New Cross-Cultural Song Classification Scheme},
  booktitle = {Analytical {{Approaches}} to {{World Music}}},
  author = {Savage, Patrick E and Merritt, Emily and Rzeszutek, Tom and Brown, Steven},
  year = {2012},
  volume = {2},
  pages = {87--137},
  language = {en}
}

@article{Savage2015,
  title = {Statistical Universals Reveal the Structures and Functions of Human Music},
  author = {Savage, Patrick E. and Brown, Steven and Sakai, Emi and Currie, Thomas E.},
  year = {2015},
  volume = {112},
  pages = {8987--8992},
  issn = {0027-8424},
  doi = {10/f7j74k},
  journal = {Proceedings of the National Academy of Sciences},
  number = {29},
  pmid = {26124105}
}

@article{Savage2017a,
  title = {Global Music Recordings Support the Motor Constraint Hypothesis for Human and Avian Song Contour},
  author = {Savage, Patrick E. and Tierney, Adam T. and Patel, Aniruddh D.},
  year = {2017},
  month = feb,
  volume = {34},
  pages = {327--334},
  issn = {0730-7829, 1533-8312},
  doi = {10/ggmd4f},
  journal = {Music Perception: An Interdisciplinary Journal},
  language = {en},
  number = {3}
}

@techreport{Schaffrath1995,
  title = {The {{Essen}} Folksong Collection in the Humdrum Kern Format},
  author = {Schaffrath, Helmut},
  year = {1995},
  institution = {{Center for Computer Assisted Research in the Humanities}}
}


@article{Schmuckler1999,
  title = {Testing Models of Melodic Contour Similarity},
  author = {Schmuckler, Mark A.},
  year = {1999},
  month = apr,
  volume = {16},
  pages = {295--326},
  issn = {0730-7829},
  doi = {10/gjmhg6},
  journal = {Music Perception},
  language = {en},
  number = {3}
}

@incollection{Schmuckler2016,
  title = {Tonality and contour in melodic processing},
  booktitle = {The {{Oxford Handbook}} of {{Music Psychology}}},
  author = {Schmuckler, Mark A.},
  editor = {Hallam, Susan and Cross, Ian and Thaut, Michael},
  year = {2016},
  edition = {Second},
  publisher = {{Oxford University Press}},
  doi = {10.1093/oxfordhb/9780198722946.013.14},
  language = {en}
}

@inproceedings{Shanahan2014,
  title = {The {{Densmore}} Collection of {{Native American}} Songs: A New Corpus for Studies of Effects of Geograpy, Language and Social Function on Folk Song},
  booktitle = {Proceedings for the 13th International Conference for Music Perception and Cognition},
  author = {Shanahan, Daniel and Shanahan, Eva},
  year = {2014},
  pages = {206--208},
  address = {Seoul}
}

@article{Strang1999,
  title = {The Discrete Cosine Transform},
  author = {Strang, Gilbert},
  year = {1999},
  volume = {41},
  pages = {135--147},
  doi = {10/dxf5vm},
  journal = {SIAM Review},
  language = {en},
  number = {1}
}

@book{Steinbeck1982,
  author={Steinbeck, W.},
  title={Struktur und Ähnlichkeit: Methoden automatisierter Melodieanalyse},
  year = {1982},
  publisher={Bärenreiter},
  place={Kassel}
 }
 
%% T

@article{Tierney2011,
  title = {The Motor Origins of Human and Avian Song Structure},
  author = {Tierney, A. T. and Russo, F. A. and Patel, A. D.},
  year = {2011},
  month = sep,
  volume = {108},
  pages = {15510--15515},
  issn = {0027-8424, 1091-6490},
  doi = {10/b65mxj},
  journal = {Proceedings of the National Academy of Sciences},
  number = {37}
}

%% U–V

@incollection{Velarde2016,
  title = {A Wavelet-Based Approach to Pattern Discovery in Melodies},
  booktitle = {Computational {{Music Analysis}}},
  author = {Velarde, Gissel and Meredith, David and Weyde, Tillman},
  editor = {Meredith, David},
  year = {2016},
  pages = {303--333},
  publisher = {{Springer International Publishing}},
  address = {{Cham}},
  doi = {10.1007/978-3-319-25931-4_12},
  isbn = {978-3-319-25929-1 978-3-319-25931-4},
}

%% W

@article{Wermke2021,
  title = {Melody Complexity of Infants' Cry and Non-Cry Vocalisations Increases across the First Six Months},
  author = {Wermke, Kathleen and Robb, Michael P. and Schluter, Philip J.},
  year = {2021},
  month = dec,
  volume = {11},
  pages = {4137},
  issn = {2045-2322},
  doi = {10/gh6hvb},
journal = {Scientific Reports},
  number = {1}
}