@inproceedings{Antognini2018,
  title = {{{PCA}} of High Dimensional Random Walks with Comparison to Neural Network Training},
  booktitle = {32nd {{Conference}} on {{Neural Information Processing Systems}}},
  author = {Antognini, Joseph M. and {Sohl-Dickstein}, Jascha},
  year = {2018},
  month = jun,
  address = {{Montr\'eal, Canada}},
  archiveprefix = {arXiv},
  eprint = {1806.08805},
  eprinttype = {arxiv},
  language = {en}
}

@article{Gray2006,
  title = {Toeplitz and {{Circulant Matrices}}: {{A Review}}},
  shorttitle = {Toeplitz and {{Circulant Matrices}}},
  author = {Gray, Robert M.},
  year = {2006},
  volume = {2},
  pages = {155--239},
  issn = {1567-2190, 1567-2328},
  doi = {10/bxhj7f},
  journal = {Foundations and Trends in Communications and Information Theory},
  language = {en},
  number = {3}
}

@book{Jolliffe2002,
  title = {Principal {{Component Analysis}}},
  author = {Jolliffe, I.T.},
  year = {2002},
  edition = {2},
  publisher = {{Springer}},
  series = {Springer {{Series}} in {{Statistics}}}
}

@book{Rao1990,
  title = {Discrete Cosine Transform: Algorithms, Advantages, Applications},
  shorttitle = {Discrete Cosine Transform},
  author = {Rao, K. Ramamohan and Yip, P. C.},
  year = {1990},
  publisher = {{Academic Press}},
  address = {{Boston}},
  isbn = {978-0-12-580203-1},
  lccn = {TK5102.5 .R335 1990}
}

@article{Ray1970,
  title = {Further {{Decomposition}} of the {{Karhunen}}-{{Lo\`eve Series Representation}} of a {{Stationarv Random Process}}},
  author = {Ray, W. D. and Driver, R. M.},
  year = {1970},
  volume = {16},
  pages = {663--668},
  journal = {IEEE Transactions on Information Theory},
  language = {en},
  number = {6}
}